@article{Mercedes,
  author={Mercedes},
  title={What is Big Data? Introduction, History, Types, Characteristics, Examples and Jobs}, 
  year={s.d.},
  howpublished={https://www.mercedesamgf1.com/news/feature-data-and-electronics-in-f1-explained}
}

@misc{Msakamali,
  author={Msakamali},
  title={F1 Data Analysis and Tactical Insights: Exploring Formula 1 Race Performance Strategies}, 
  year={2024},
  howpublished={\url{https://www.theseus.fi/bitstream/handle/10024/856650/Msakamali_Baraka.pdf?sequence=6}}
}

@misc{SciSure,
  author={SciSure},
  title={Data Integrity in Labs: Why It is Essential and How to Achieve It}, 
  year={2025},
  howpublished={https://www.scisure.com/blog/data-integrity-in-labs-why-its-essential-and-how-to-achieve-it}
}

@misc{Suman,
  author={Sweta Suman},
  title={The Importance of data quality in decision-making}, 
  year={2025},
  howpublished={https://www.expresscomputer.in/guest-blogs/the-importance-of-data-quality-in-decision-making/125738/}
}

@misc{Estuary,
  author={Jeffrey Richman},
  title={What Is Real-Time Processing (In-depth Guide For Beginners)},
  year={2025},
  howpublished={\url{https://estuary.dev/blog/what-is-real-time-processing/\#:~:text=Real\%2Dtime\%20data\%20processing\%20refers,available\%20for\%20use\%20almost\%20instantly.}}
}

@misc{Luzich,
  author={Michael Luzich},
  title={Data-Driven Dominance: How Real-Time Analytics Are Reshaping F1 Race Strategy},
  year={2025},
  howpublished={\url{https://michaelluzich.com/data-driven-dominance-how-real-time-analytics-are-reshaping-f1-race-strategy/}}
}

@article{Singh2021BigData,
  author={Singh, V. K. and Singh, S. K. and Singh, A. K.},
  title={Explore Big Data Analytics Applications and Opportunities: A Review},
  journal={Applied Sciences},
  year={2021},
  volume={11},
  number={4},
  pages={157},
  howpublished={\url{https://www.mdpi.com/2076-3417/11/4/157}}
}

@article{Wijesinghe2024Predictive,
  author={Wijesinghe, T. M. H. S. B. and Abeysinghe, A. M. H. R. and Samaranayake, V. S. G. P.},
  title={Big Data for Predictive Maintenance in Industry 4.0: Enhancing Operational Efficiency and Equipment Reliability},
  journal={International Journal of Computer Applications Technology (IJCAT)},
  year={2024},
  volume={13},
  number={10},
  pages={1003--1010},
  howpublished={\url{https://ijcat.com/archieve/volume13/issue10/ijcatr13101003.pdf}}
}

@book{Reis2022DataEngineering,
  author={Reis, Joe and Housley, Matt},
  title={Fundamentals of Data Engineering: Plan and Build Robust Data Systems},
  publisher={O'Reilly Media},
  year={2022}
}

@article{Hashem2015BigData,
  author={Hashem, Ibrahim Abaker T. and Yaqoob, Ijaz and Anuar, Nurfadzilah Bin Mohd and Mokhtar, Salimah and Gani, Abdullah and Khan, Samee Ullah},
  title={The Rise of “Big Data” on Cloud Computing: Review and Open Research Issues},
  journal={Information Systems},
  volume={47},
  pages={98--115},
  year={2015},
  publisher={Elsevier}
}

@article{Xu2018RealTime,
  author={Xu, Jun and Zhang, Jian and Li, Jian and Li, Gang},
  title={Real-Time Big Data Stream Processing: A Survey},
  journal={Future Generation Computer Systems},
  volume={82},
  pages={681--692},
  year={2018},
  publisher={Elsevier}
}

% --- ETL (Cap. 2) ---
@article{Seenivasan2023ETL,
  author = {Seenivasan, Dhamotharan},
  year = {2023},
  month = {01},
  pages = {40-44},
  title = {ETL (Extract, Transform, Load) Best Practices},
  volume = {71},
  journal = {International Journal of Computer Trends and Technology},
  doi = {10.14445/22312803/IJCTT-V71I1P106}
}

@article{Mehmood2020Challenges,
  author={Mehmood, Erum and Anees, Tayyaba},
  journal={IEEE Access}, 
  title={Challenges and Solutions for Processing Real-Time Big Data Stream: A Systematic Literature Review}, 
  year={2020},
  volume={8},
  number={},
  pages={119123-119143},
  keywords={Real-time systems;Big Data;Libraries;Systematics;Data mining;Bibliographies;Quality assessment;Real-time stream processing;big data streaming;structured/un-structured data;ETL;systematic literature review},
  doi={10.1109/ACCESS.2020.3005268}
}

